@article{interEsp,

    author = {J. Seetaram1 and
    A. Bhavya and
    C. Tarun and
    V. Sameera},
    title = {Internet of Things (IoT) Based Greenhouse
Monitoring and Controlling System
Using ESP-32},
    pages = {29--35},
    journal = {International Journal of Advanced Research in Computer and Communication Engineering},
    volume = {13},
    DOI = {10.17148/IJARCCE.2024.13605},
    year = {2024},

}

@conference{ieeeComp,
    author = {Aya Battikh and Raya Zaid and Asma Tayeh and Ayaat Kittana and Jaffar Jallad and Samer Alsadi and Tareq Foqha and Dania Alahdal and Mohammad Kanan},
    title = {Greenhouse Automation using ESP32: A Comprehensive Study on Monitoring and Controlling Environmental Parameters for Optimal Plant Growth},
    booktitle = {2nd International Engineering Conference on Electrical, Energy, and Artificial Intelligence (EICEEAI)},
    year = {2023},
    DOI = {10.1109/EICEEAI60672.2023.10590110},
}

@conference{ieeeGreenAI,
    author = {Jhilam Mukherjee and
    Dibyasree Mukherjee and
    Sneha Upadhyay and
    Ariyan Basu and
    Lipakshi Shaw and
    Debiya Singh and
    Sumana Manna},
    title = {Non Plant Specific Smart Greenhouse with Convective Drying Unit},
    year = {2024},
    DOI = {10.1109/TQCEBT59414.2024.10545221},
    booktitle = {International Conference on Trends in Quantum Computing and Emerging Business Technologies (TQCEBT)},

}

@INPROCEEDINGS{tinymlEnv,
  author={Kulkarni, Dr Sanjivani and Bhudhwale, Shilpa},
  booktitle={2024 International Conference on Intelligent Systems and Advanced Applications (ICISAA)},
  title={Real-time Environmental Monitoring in Smart Agriculture using TinyML and Machine Learning},
  year={2024},
  volume={},
  number={},
  pages={1-6},
  keywords={Smart agriculture;Measurement;Q-learning;Accuracy;Tiny machine learning;Decision making;Graph neural networks;Real-time systems;Environmental monitoring;Resource management;TinyML;Machine Learning;Graph Neural Networks;Q Learning;Sustainable Agriculture;Scenarios},
  doi={10.1109/ICISAA62385.2024.10829307}}


@INPROCEEDINGS{tinymlDis,
  author={Ibegbu, Chinwe and Korsah, G. Ayorkor},
  booktitle={2024 IEEE 9th International Conference on Adaptive Science and Technology (ICAST)},
  title={TinyML for the Detection of Plant Diseases in Resource-Constrained Areas within West Africa},
  year={2024},
  volume={9},
  number={},
  pages={1-8},
  keywords={Training;Cloud computing;Plant diseases;Costs;Tiny machine learning;Crops;Africa;Switches;Smart phones;Faces;TinyML;on-device inference},
  doi={10.1109/ICAST61769.2024.10856464}}
